
% Dynamic Symmetry breaking approches

@inproceedings{metin2018cdclsym,
  title={CDCLSym: Introducing Effective Symmetry Breaking in SAT Solving},
  author={Metin, Hakan and Baarir, Souheib and Colange, Maximilien and Kordon, Fabrice},
  booktitle={International Conference on Tools and Algorithms for the Construction and Analysis of Systems},
  pages={99--114},
  year={2018},
  organization={Springer}
}


@inproceedings{Devriendt12,
	author    = {Jo Devriendt and
	Bart Bogaerts and
	Broes de Cat and
	Marc Denecker and
	Christopher Mears},
	title     = {Symmetry Propagation: Improved Dynamic Symmetry Breaking in {SAT}},
	booktitle = {{IEEE} 24th International Conference on Tools with Artificial Intelligence,
	{ICTAI} 2012, Athens, Greece, November 7-9, 2012},
	pages     = {49--56},
	year      = {2012}
	
}

% == 
@book{rossi2006handbook,
	title={Handbook of constraint programming},
	author={Rossi, Francesca and Van Beek, Peter and Walsh, Toby},
	year={2006},
	publisher={Elsevier}
}

@book{biere2009handbook,
	title={Handbook of satisfiability},
	author={Biere, Armin and Heule, Marijn and van Maaren, Hans},
	volume={185},
	year={2009},
	publisher={IOS press}
}

@incollection{barrett2018satisfiability,
	title={Satisfiability modulo theories},
	author={Barrett, Clark and Tinelli, Cesare},
	booktitle={Handbook of Model Checking},
	pages={305--343},
	year={2018},
	publisher={Springer}
}

@article{dpll_62,
	author = {Davis, Martin and Logemann, George and Loveland, Donald},
	title = {A Machine Program for Theorem-proving},
	journal = {Commun. ACM},
	issue_date = {July 1962},
	volume = {5},
	number = {7},
	month = jul,
	year = {1962},
	issn = {0001-0782},
	pages = {394--397},
	acmid = {368557},
	publisher = {ACM},
	address = {New York, NY, USA},
}

% === Graph automorphism
@InProceedings{JunttilaKaski:ALENEX2007,
	author =    {Tommi Junttila and Petteri Kaski},
	title =     {Engineering an efficient canonical labeling tool for
	large and sparse graphs},
	booktitle = {Proceedings of the Ninth Workshop on Algorithm Engineering
	and Experiments and
	the Fourth Workshop on Analytic Algorithms and
	Combinatorics},
	pages =     {135--149},
	year =      {2007},
	editor =    {David Applegate and Gerth St{\o}lting Brodal and
	Daniel Panario and Robert Sedgewick},
	OPTaddress =   {New Orleans, LA},
	OPTmonth =     {January 6},
	publisher =  {SIAM},
	OPTpublisher = {Society for Industrial and Applied Mathematics},
}

@article{katebi2010symmetry,
	title={Symmetry and satisfiability: An update},
	author={Katebi, Hadi and Sakallah, Karem and Markov, Igor},
	journal={Theory and Applications of Satisfiability Testing--SAT 2010},
	pages={113--127},
	year={2010},
	publisher={Springer}
}

@techreport{mckay2003nauty,
	title={nauty userâ€™s guide (version 2.2)},
	author={McKay, Brendan D},
	year={2003},
	institution={Technical Report TR-CS-9002, Australian National University}
}

@article{Luks2004,
	author    = {Eugene M. Luks and
	Amitabha Roy},
	title     = {The Complexity of Symmetry-Breaking Formulas},
	journal   = {Ann. Math. Artif. Intell.},
	volume    = {41},
	number    = {1},
	pages     = {19--45},
	year      = {2004},
	url       = {https://doi.org/10.1023/B:AMAI.0000018578.92398.10},
	doi       = {10.1023/B:AMAI.0000018578.92398.10},
	timestamp = {Tue, 26 Dec 2017 18:09:59 +0100},
	biburl    = {http://dblp.org/rec/bib/journals/amai/LuksR04},
	bibsource = {dblp computer science bibliography, http://dblp.org}
}


@article{aloul06,
	author    = {{Fadi A.} Aloul and {Karem A.} Sakallah and {Igor L.} Markov},
	title     = {Efficient Symmetry Breaking for Boolean Satisfiability},
	journal   = {{IEEE} Trans. Computers},
	volume    = {55},
	number    = {5},
	pages     = {549--558},
	year      = {2006}
}



