@inproceedings{cook1971complexity,
	title={The complexity of theorem-proving procedures},
	author={Cook, Stephen A},
	booktitle={Proceedings of the third annual ACM symposium on Theory of computing},
	pages={151--158},
	year={1971},
	organization={ACM}
}

@article{dpll_62,
	author = {Davis, Martin and Logemann, George and Loveland, Donald},
	title = {A Machine Program for Theorem-proving},
	journal = {Commun. ACM},
	issue_date = {July 1962},
	volume = {5},
	number = {7},
	month = jul,
	year = {1962},
	issn = {0001-0782},
	pages = {394--397},
	acmid = {368557},
	publisher = {ACM},
	address = {New York, NY, USA},
}

@article{marques1999grasp,
	title={GRASP: A search algorithm for propositional satisfiability},
	author={Marques-Silva, Joao P and Sakallah, Karem A},
	journal={IEEE Transactions on Computers},
	volume={48},
	number={5},
	pages={506--521},
	year={1999},
	publisher={IEEE}
}

% SPFS
@inproceedings{Devriendt12,
	author    = {Jo Devriendt and
	Bart Bogaerts and
	Broes de Cat and
	Marc Denecker and
	Christopher Mears},
	title     = {Symmetry Propagation: Improved Dynamic Symmetry Breaking in {SAT}},
	booktitle = {{IEEE} 24th International Conference on Tools with Artificial Intelligence,
	{ICTAI} 2012, Athens, Greece, November 7-9, 2012},
	pages     = {49--56},
	year      = {2012}
	
}

% SLS
@inproceedings{benhamou2010enhancing,
	title={Enhancing clause learning by symmetry in SAT solvers},
	author={Benhamou, Belaid and Nabhani, Tarek and Ostrowski, Richard and Saidi, Mohamed Reda},
	booktitle={2010 22nd IEEE International Conference on Tools with Artificial Intelligence},
	volume={1},
	pages={329--335},
	year={2010},
	organization={IEEE}
}


% SEL
@inproceedings{devriendt2017symmetric,
	title={Symmetric explanation learning: Effective dynamic symmetry handling for SAT},
	author={Devriendt, Jo and Bogaerts, Bart and Bruynooghe, Maurice},
	booktitle={International Conference on Theory and Applications of Satisfiability Testing},
	pages={83--100},
	year={2017},
	organization={Springer}
}

@inproceedings{sabharwal2005symchaff,
	title={SymChaff: A structure-aware satisfiability solver},
	author={Sabharwal, Ashish},
	booktitle={AAAI},
	volume={5},
	pages={467--474},
	year={2005}
}

@inproceedings{devriendt2016improved,
	title={Improved static symmetry breaking for SAT},
	author={Devriendt, Jo and Bogaerts, Bart and Bruynooghe, Maurice and Denecker, Marc},
	booktitle={International Conference on Theory and Applications of Satisfiability Testing},
	pages={104--122},
	year={2016},
	organization={Springer}
}

@article{aloul06,
	author    = {{Fadi A.} Aloul and {Karem A.} Sakallah and {Igor L.} Markov},
	title     = {Efficient Symmetry Breaking for Boolean Satisfiability},
	journal   = {{IEEE} Trans. Computers},
	volume    = {55},
	number    = {5},
	pages     = {549--558},
	year      = {2006}
}


@inproceedings{planning_92,
	title={Planning as Satisfiability.},
	author={Kautz, Henry A and Selman, Bart and others},
	booktitle={ECAI},
	volume={92},
	pages={359--363},
	year={1992}
}

@article{bmc_99,
	title={Symbolic model checking without BDDs},
	author={Biere, Armin and Cimatti, Alessandro and Clarke, Edmund and Zhu,
	Yunshan},
	journal={Tools and Algorithms for the Construction and Analysis of
	Systems},
	pages={193--207},
	year={1999},
	publisher={Springer}
}

@article{crypto_00,
	title={Logical cryptanalysis as a SAT problem},
	author={Massacci, Fabio and Marraro, Laura},
	journal={Journal of Automated Reasoning},
	volume={24},
	number={1},
	pages={165--203},
	year={2000},
	publisher={Springer}
}


@inproceedings{biology_06,
	title={SAT in bioinformatics: Making the case with haplotype inference},
	author={Lynce, In{\^e}s and Marques-Silva, Joao},
	booktitle={International Conference on Theory and Applications of
	Satisfiability Testing},
	pages={136--141},
	year={2006},
	organization={Springer}
}

